<record><leader>00000cas a2200000 a 4500</leader><controlfield tag="001">29896051</controlfield><controlfield tag="007">cr un|||||||||</controlfield><controlfield tag="008">940302c19939999okumr ne      0   a0eng c</controlfield><datafield ind1=" " ind2=" " tag="010"><subfield code="a">sn 94050999 </subfield></datafield><datafield ind1=" " ind2=" " tag="040"><subfield code="a">WIH</subfield><subfield code="b">eng</subfield><subfield code="c">WIH</subfield><subfield code="d">ANU</subfield><subfield code="d">NSD</subfield><subfield code="d">DLC</subfield><subfield code="d">NYP</subfield><subfield code="d">CUS</subfield><subfield code="d">CVF</subfield><subfield code="d">OCLCQ</subfield><subfield code="d">OCLCF</subfield><subfield code="d">OCLCO</subfield></datafield><datafield ind1=" " ind2=" " tag="012"><subfield code="i">9907</subfield><subfield code="l">1</subfield></datafield><datafield ind1="1" ind2=" " tag="022"><subfield code="a">1077-0968</subfield><subfield code="l">1077-0968</subfield><subfield code="2">1</subfield></datafield><datafield ind1="1" ind2=" " tag="029"><subfield code="a">AU@</subfield><subfield code="b">000020367236</subfield></datafield><datafield ind1="0" ind2=" " tag="041"><subfield code="a">engchr</subfield></datafield><datafield ind1=" " ind2=" " tag="042"><subfield code="a">pcc</subfield><subfield code="a">nsdp</subfield></datafield><datafield ind1=" " ind2=" " tag="043"><subfield code="a">n-us-ok</subfield></datafield><datafield ind1=" " ind2="4" tag="050"><subfield code="a">E75</subfield><subfield code="b">.C447</subfield></datafield><datafield ind1=" " ind2="4" tag="222"><subfield code="a">The Cherokee observer</subfield></datafield><datafield ind1="0" ind2="4" tag="245"><subfield code="a">The Cherokee observer.</subfield></datafield><datafield ind1=" " ind2=" " tag="260"><subfield code="a">Parkhill, OK :</subfield><subfield code="b">WhitePath Foundation,</subfield><subfield code="c">1993-</subfield></datafield><datafield ind1=" " ind2=" " tag="300"><subfield code="a">v. :</subfield><subfield code="b">ill. ;</subfield><subfield code="c">36 cm.</subfield></datafield><datafield ind1=" " ind2=" " tag="310"><subfield code="a">Monthly</subfield></datafield><datafield ind1="0" ind2=" " tag="362"><subfield code="a">Jan. 1993-</subfield></datafield><datafield ind1=" " ind2=" " tag="500"><subfield code="a">Published in Jay, Okla., &lt;Aug. 1994-&gt;</subfield></datafield><datafield ind1=" " ind2=" " tag="500"><subfield code="a">Masthead title also appears in Cherokee syllabary.</subfield></datafield><datafield ind1=" " ind2=" " tag="530"><subfield code="a">Available on microfilm from the State Historical Society of Wisconsin.</subfield></datafield><datafield ind1=" " ind2=" " tag="546"><subfield code="a">In English with some Cherokee.</subfield></datafield><datafield ind1=" " ind2=" " tag="530"><subfield code="a">Also available by subscription via the World Wide Web.</subfield></datafield><datafield ind1=" " ind2="0" tag="650"><subfield code="a">Cherokee Indians</subfield><subfield code="z">Oklahoma</subfield><subfield code="v">Newspapers.</subfield></datafield><datafield ind1=" " ind2="0" tag="650"><subfield code="a">Indians of North America</subfield><subfield code="z">Oklahoma</subfield><subfield code="v">Newspapers.</subfield></datafield><datafield ind1=" " ind2="0" tag="651"><subfield code="a">Tahlequah (Okla.)</subfield><subfield code="v">Newspapers.</subfield></datafield><datafield ind1=" " ind2="0" tag="651"><subfield code="a">Cherokee County (Okla.)</subfield><subfield code="v">Newspapers.</subfield></datafield><datafield ind1=" " ind2="7" tag="655"><subfield code="a">Newspapers.</subfield><subfield code="2">fast</subfield><subfield code="0">(OCoLC)fst01423814</subfield></datafield><datafield ind1=" " ind2="7" tag="650"><subfield code="a">Cherokee Indians.</subfield><subfield code="2">fast</subfield><subfield code="0">(OCoLC)fst00853662</subfield></datafield><datafield ind1=" " ind2="7" tag="650"><subfield code="a">Indians of North America.</subfield><subfield code="2">fast</subfield><subfield code="0">(OCoLC)fst00969633</subfield></datafield><datafield ind1=" " ind2="7" tag="651"><subfield code="a">Oklahoma.</subfield><subfield code="2">fast</subfield><subfield code="0">(OCoLC)fst01205031</subfield></datafield><datafield ind1=" " ind2="7" tag="651"><subfield code="a">Oklahoma</subfield><subfield code="z">Cherokee County.</subfield><subfield code="2">fast</subfield><subfield code="0">(OCoLC)fst01221267</subfield></datafield><datafield ind1=" " ind2="7" tag="651"><subfield code="a">Oklahoma</subfield><subfield code="z">Tahlequah.</subfield><subfield code="2">fast</subfield><subfield code="0">(OCoLC)fst01207138</subfield></datafield><datafield ind1=" " ind2=" " tag="752"><subfield code="a">United States</subfield><subfield code="b">Oklahoma</subfield><subfield code="c">Delaware</subfield><subfield code="d">Jay.</subfield></datafield><datafield ind1=" " ind2=" " tag="752"><subfield code="a">United States</subfield><subfield code="b">Oklahoma</subfield><subfield code="c">Cherokee</subfield><subfield code="d">Park Hill.</subfield></datafield><datafield ind1=" " ind2=" " tag="850"><subfield code="a">NN</subfield></datafield><datafield ind1="4" ind2="1" tag="856"><subfield code="u">http://www.softlineweb.com/softlineweb/ethnic.htm</subfield></datafield><datafield ind1=" " ind2=" " tag="936"><subfield code="a">Vol. 7, no. 5 (May 1999) LIC</subfield></datafield></record>